@book {Jost2011Riemannian,
	AUTHOR = {Jost, Jurgen},
	TITLE = {Riemannian geometry and geometric analysis},
	SERIES = {Universitext},
	EDITION = {Sixth},
	PUBLISHER = {Springer, Heidelberg},
	YEAR = {2011},
	PAGES = {xiv+611},
	ISBN = {978-3-642-21297-0},
MRCLASS = {53Cxx (35R01 53-02 57R58 58E05 58E20 58J05)},
MRNUMBER = {2829653},
MRREVIEWER = {Frederic Robert},
DOI = {10.1007/978-3-642-21298-7},
URL = {http://dx.doi.org/10.1007/978-3-642-21298-7},
}
@book {KobayashiNomizu1996FoundationsI,
	AUTHOR = {Kobayashi, Shoshichi and Nomizu, Katsumi},
	TITLE = {Foundations of differential geometry. {V}ol. {I}},
	SERIES = {Wiley Classics Library},
	NOTE = {Reprint of the 1963 original,
	A Wiley-Interscience Publication},
	PUBLISHER = {John Wiley \& Sons, Inc., New York},
	YEAR = {1996},
	PAGES = {xii+329},
	ISBN = {0-471-15733-3},
	MRCLASS = {53-01},
MRNUMBER = {1393940 (97c:53001a)},
}
@book {KobayashiNomizu1996FoundationsII,
	AUTHOR = {Kobayashi, Shoshichi and Nomizu, Katsumi},
	TITLE = {Foundations of differential geometry. {V}ol. {II}},
	SERIES = {Wiley Classics Library},
	NOTE = {Reprint of the 1969 original,
	A Wiley-Interscience Publication},
	PUBLISHER = {John Wiley \& Sons, Inc., New York},
	YEAR = {1996},
	PAGES = {xvi+468},
	ISBN = {0-471-15732-5},
	MRCLASS = {53-01},
MRNUMBER = {1393941 (97c:53001b)},
}
@book {Jost2011Riemannian,
	AUTHOR = {Jost, Jurgen},
	TITLE = {Riemannian geometry and geometric analysis},
	SERIES = {Universitext},
	EDITION = {Sixth},
	PUBLISHER = {Springer, Heidelberg},
	YEAR = {2011},
	PAGES = {xiv+611},
	ISBN = {978-3-642-21297-0},
MRCLASS = {53Cxx (35R01 53-02 57R58 58E05 58E20 58J05)},
MRNUMBER = {2829653},
MRREVIEWER = {Frederic Robert},
DOI = {10.1007/978-3-642-21298-7},
URL = {http://dx.doi.org/10.1007/978-3-642-21298-7},
}
@book {KobayashiNomizu1996FoundationsI,
	AUTHOR = {Kobayashi, Shoshichi and Nomizu, Katsumi},
	TITLE = {Foundations of differential geometry. {V}ol. {I}},
	SERIES = {Wiley Classics Library},
	NOTE = {Reprint of the 1963 original,
	A Wiley-Interscience Publication},
	PUBLISHER = {John Wiley \& Sons, Inc., New York},
	YEAR = {1996},
	PAGES = {xii+329},
	ISBN = {0-471-15733-3},
	MRCLASS = {53-01},
MRNUMBER = {1393940 (97c:53001a)},
}
@book {KobayashiNomizu1996FoundationsII,
	AUTHOR = {Kobayashi, Shoshichi and Nomizu, Katsumi},
	TITLE = {Foundations of differential geometry. {V}ol. {II}},
	SERIES = {Wiley Classics Library},
	NOTE = {Reprint of the 1969 original,
	A Wiley-Interscience Publication},
	PUBLISHER = {John Wiley \& Sons, Inc., New York},
	YEAR = {1996},
	PAGES = {xvi+468},
	ISBN = {0-471-15732-5},
	MRCLASS = {53-01},
MRNUMBER = {1393941 (97c:53001b)},
}
@book {Jost2011Riemannian1,
	AUTHOR = {Jost, Jurgen},
	TITLE = {Riemannian geometry and geometric analysis},
	SERIES = {Universitext},
	EDITION = {Sixth},
	PUBLISHER = {Springer, Heidelberg},
	YEAR = {2011},
	PAGES = {xiv+611},
	ISBN = {978-3-642-21297-0},
MRCLASS = {53Cxx (35R01 53-02 57R58 58E05 58E20 58J05)},
MRNUMBER = {2829653},
MRREVIEWER = {Frederic Robert},
DOI = {10.1007/978-3-642-21298-7},
URL = {http://dx.doi.org/10.1007/978-3-642-21298-7},
}
@book {KobayashiNomizu1996FoundationsI1,
	AUTHOR = {Kobayashi, Shoshichi and Nomizu, Katsumi},
	TITLE = {Foundations of differential geometry. {V}ol. {I}},
	SERIES = {Wiley Classics Library},
	NOTE = {Reprint of the 1963 original,
	A Wiley-Interscience Publication},
	PUBLISHER = {John Wiley \& Sons, Inc., New York},
	YEAR = {1996},
	PAGES = {xii+329},
	ISBN = {0-471-15733-3},
	MRCLASS = {53-01},
MRNUMBER = {1393940 (97c:53001a)},
}
@book {KobayashiNomizu1996FoundationsII1,
	AUTHOR = {Kobayashi, Shoshichi and Nomizu, Katsumi},
	TITLE = {Foundations of differential geometry. {V}ol. {II}},
	SERIES = {Wiley Classics Library},
	NOTE = {Reprint of the 1969 original,
	A Wiley-Interscience Publication},
	PUBLISHER = {John Wiley \& Sons, Inc., New York},
	YEAR = {1996},
	PAGES = {xvi+468},
	ISBN = {0-471-15732-5},
	MRCLASS = {53-01},
MRNUMBER = {1393941 (97c:53001b)},
}

@book {KobayashiNomizu1996FoundationsII2,
	AUTHOR = {Kobayashi, Shoshichi and Nomizu, Katsumi},
	TITLE = {Foundations of differential geometry. {V}ol. {II}},
	SERIES = {Wiley Classics Library},
	NOTE = {Reprint of the 1969 original,
	A Wiley-Interscience Publication},
	PUBLISHER = {John Wiley \& Sons, Inc., New York},
	YEAR = {1996},
	PAGES = {xvi+468},
	ISBN = {0-471-15732-5},
	MRCLASS = {53-01},
MRNUMBER = {1393941 (97c:53001b)},
}
